<record><leader>00000cas a2200000 a 4500</leader><controlfield tag="001">27646812</controlfield><controlfield tag="008">930301d1uuu1939iluwr ne      0   a0eng c</controlfield><datafield ind1=" " ind2=" " tag="010"><subfield code="a">sn 93055613 </subfield></datafield><datafield ind1=" " ind2=" " tag="040"><subfield code="a">NVF</subfield><subfield code="b">eng</subfield><subfield code="c">NVF</subfield><subfield code="d">OCLCQ</subfield><subfield code="d">NVF</subfield><subfield code="d">OCLCQ</subfield><subfield code="d">OCLCF</subfield><subfield code="d">NVF</subfield><subfield code="d">OCLCO</subfield></datafield><datafield ind1="1" ind2=" " tag="029"><subfield code="a">AU@</subfield><subfield code="b">000020736862</subfield></datafield><datafield ind1=" " ind2=" " tag="042"><subfield code="a">pcc</subfield></datafield><datafield ind1=" " ind2=" " tag="043"><subfield code="a">n-us-il</subfield></datafield><datafield ind1="0" ind2=" " tag="130"><subfield code="a">Democrat (Anna, Ill.)</subfield></datafield><datafield ind1="1" ind2="4" tag="245"><subfield code="a">The Democrat.</subfield></datafield><datafield ind1=" " ind2=" " tag="260"><subfield code="a">Anna, Union County, Ill. :</subfield><subfield code="b">Democrat of Anna</subfield></datafield><datafield ind1=" " ind2=" " tag="300"><subfield code="a">v.</subfield></datafield><datafield ind1=" " ind2=" " tag="310"><subfield code="a">Weekly</subfield></datafield><datafield ind1="1" ind2=" " tag="362"><subfield code="a">Ceased in 1939.</subfield></datafield><datafield ind1=" " ind2=" " tag="580"><subfield code="a">Merged with: Jonesboro gazette (Jonesboro, Ill. : 1867), to form: Gazette-Democrat.</subfield></datafield><datafield ind1=" " ind2=" " tag="588"><subfield code="a">Description based on: Vol. 9, no. 13 (July 7, 1899).</subfield></datafield><datafield ind1=" " ind2=" " tag="588"><subfield code="a">Latest issue consulted: July 6, 1934.</subfield></datafield><datafield ind1=" " ind2="0" tag="651"><subfield code="a">Anna (Ill.)</subfield><subfield code="v">Newspapers.</subfield></datafield><datafield ind1=" " ind2="7" tag="651"><subfield code="a">Illinois</subfield><subfield code="z">Anna.</subfield><subfield code="2">fast</subfield><subfield code="0">(OCoLC)fst01287694</subfield></datafield><datafield ind1=" " ind2="7" tag="655"><subfield code="a">Newspapers.</subfield><subfield code="2">fast</subfield><subfield code="0">(OCoLC)fst01423814</subfield></datafield><datafield ind1=" " ind2=" " tag="752"><subfield code="a">United States</subfield><subfield code="b">Illinois</subfield><subfield code="c">Union</subfield><subfield code="d">Anna.</subfield></datafield><datafield ind1="0" ind2="0" tag="780"><subfield code="t">Union Democrat (Anna, Ill.)</subfield><subfield code="w">(DLC)sn 87082189</subfield><subfield code="w">(OCoLC)15200731</subfield></datafield><datafield ind1="1" ind2="7" tag="785"><subfield code="t">Jonesboro gazette (Jonesboro, Ill. : 1867)</subfield><subfield code="w">(DLC)sn 82014344</subfield><subfield code="w">(OCoLC)8776616</subfield></datafield><datafield ind1="1" ind2="7" tag="785"><subfield code="t">Gazette-Democrat</subfield><subfield code="w">(DLC)sn 93055614</subfield><subfield code="w">(OCoLC)27647000</subfield></datafield></record>